@misc{template.2021,
	author = {Gieringer, Leon},
	title = {Template},
	year = {2021}
}